
@misc{dispatch,
    author    = "Eric Lyttle",
    title     = "Hikers spreading fungus that's killing Ohio bats",
    url       = "http://www.dispatch.com/content/stories/local/2015/06/15/humans-have-role-in-spread-of-bat-ills.html"
    year      = "June 15, 2015",
}
@misc{wired,
    author    = "Nadia Drake",
    title     = "Why Bats Are Such Good Hosts for Ebola and Other Deadly Diseases",
    url       = "http://www.wired.com/2014/10/bats-ebola-disease-reservoir-hosts/l"
    year      = "October 15, 2014",
}